@inproceedings{phan08,
 author = {Phan, Xuan-Hieu and Nguyen, Le-Minh and Horiguchi, Susumu},
 title = {Learning to Classify Short and Sparse Text \& Web with Hidden Topics from Large-scale Data Collections},
 booktitle = {Proceedings of the 17th International Conference on World Wide Web},
 series = {WWW '08},
 year = {2008},
 isbn = {978-1-60558-085-2},
 location = {Beijing, China},
 pages = {91--100},
 numpages = {10},
 url = {http://doi.acm.org/10.1145/1367497.1367510},
 doi = {10.1145/1367497.1367510},
 acmid = {1367510},
 publisher = {ACM},
 address = {New York, NY, USA},
 keywords = {sparse text, topic analysis, web data analysis/classification},
}

@article{wang2009using,
  title={Using Wikipedia knowledge to improve text classification},
  author={Wang, Pu and Hu, Jian and Zeng, Hua-Jun and Chen, Zheng},
  journal={Knowledge and Information Systems},
  volume={19},
  number={3},
  pages={265--281},
  year={2009},
  publisher={Springer}
}

@inproceedings{banerjee07,
 author = {Banerjee, Somnath and Ramanathan, Krishnan and Gupta, Ajay},
 title = {Clustering Short Texts Using Wikipedia},
 booktitle = {Proceedings of the 30th Annual International ACM SIGIR Conference on Research and Development in Information Retrieval},
 series = {SIGIR '07},
 year = {2007},
 isbn = {978-1-59593-597-7},
 location = {Amsterdam, The Netherlands},
 pages = {787--788},
 numpages = {2},
 url = {http://doi.acm.org/10.1145/1277741.1277909},
 doi = {10.1145/1277741.1277909},
 acmid = {1277909},
 publisher = {ACM},
 address = {New York, NY, USA},
 keywords = {Wikipedia, clustering, feed reader},
}

@inproceedings{angelova06,
 author = {Angelova, Ralitsa and Weikum, Gerhard},
 title = {Graph-based Text Classification: Learn from Your Neighbors},
 booktitle = {Proceedings of the 29th Annual International ACM SIGIR Conference on Research and Development in Information Retrieval},
 series = {SIGIR '06},
 year = {2006},
 isbn = {1-59593-369-7},
 location = {Seattle, Washington, USA},
 pages = {485--492},
 numpages = {8},
 url = {http://doi.acm.org/10.1145/1148170.1148254},
 doi = {10.1145/1148170.1148254},
 acmid = {1148254},
 publisher = {ACM},
 address = {New York, NY, USA},
 keywords = {automatic classification, exploiting link structure},
}                  

@inproceedings{ren14,
 author = {Ren, Zhaochun and Peetz, Maria-Hendrike and Liang, Shangsong and van Dolen, Willemijn and de Rijke, Maarten},
 title = {Hierarchical Multi-label Classification of Social Text Streams},
 booktitle = {Proceedings of the 37th International ACM SIGIR Conference on Research \&\#38; Development in Information Retrieval},
 series = {SIGIR '14},
 year = {2014},
 isbn = {978-1-4503-2257-7},
 location = {Gold Coast, Queensland, Australia},
 pages = {213--222},
 numpages = {10},
 url = {http://doi.acm.org/10.1145/2600428.2609595},
 doi = {10.1145/2600428.2609595},
 acmid = {2609595},
 publisher = {ACM},
 address = {New York, NY, USA},
 keywords = {structural svm, topic modeling, tweet classification, twitter},
}
                  
@inproceedings{jin11,
 author = {Jin, Ou and Liu, Nathan N. and Zhao, Kai and Yu, Yong and Yang, Qiang},
 title = {Transferring Topical Knowledge from Auxiliary Long Texts for Short Text Clustering},
 booktitle = {Proceedings of the 20th ACM International Conference on Information and Knowledge Management},
 series = {CIKM '11},
 year = {2011},
 isbn = {978-1-4503-0717-8},
 location = {Glasgow, Scotland, UK},
 pages = {775--784},
 numpages = {10},
 url = {http://doi.acm.org/10.1145/2063576.2063689},
 doi = {10.1145/2063576.2063689},
 acmid = {2063689},
 publisher = {ACM},
 address = {New York, NY, USA},
 keywords = {short text, statistical generative models, unsupervised learning},
}

@inproceedings{vitale12,
 author = {Vitale, Daniele and Ferragina, Paolo and Scaiella, Ugo},
 title = {Classification of Short Texts by Deploying Topical Annotations},
 booktitle = {Proceedings of the 34th European Conference on Advances in Information Retrieval},
 series = {ECIR'12},
 year = {2012},
 isbn = {978-3-642-28996-5},
 location = {Barcelona, Spain},
 pages = {376--387},
 numpages = {12},
 url = {http://dx.doi.org/10.1007/978-3-642-28997-2_32},
 doi = {10.1007/978-3-642-28997-2_32},
 acmid = {2260681},
 publisher = {Springer-Verlag},
 address = {Berlin, Heidelberg},
}                  

@inproceedings{zhang13,
 author = {Zhang, Shitao and Jin, Xiaoming and Shen, Dou and Cao, Bin and Ding, Xuetao and Zhang, Xiaochen},
 title = {Short Text Classification by Detecting Information Path},
 booktitle = {Proceedings of the 22Nd ACM International Conference on Conference on Information \&\#38; Knowledge Management},
 series = {CIKM '13},
 year = {2013},
 isbn = {978-1-4503-2263-8},
 location = {San Francisco, California, USA},
 pages = {727--732},
 numpages = {6},
 url = {http://doi.acm.org/10.1145/2505515.2505638},
 doi = {10.1145/2505515.2505638},
 acmid = {2505638},
 publisher = {ACM},
 address = {New York, NY, USA},
 keywords = {anchor shackle term, information path, short text classification},
}                  

@article{xu12,
 author = {Xu, Tao and Peng, Qinke},
 title = {Extended Information Inference Model for Unsupervised Categorization of Web Short Texts},
 journal = {J. Inf. Sci.},
 issue_date = {December  2012},
 volume = {38},
 number = {6},
 month = dec,
 year = {2012},
 issn = {0165-5515},
 pages = {512--531},
 numpages = {20},

 url = {http://dx.doi.org/10.1177/0165551512448985},
 doi = {10.1177/0165551512448985},
 acmid = {2404009},
 publisher = {Sage Publications, Inc.},
 address = {Thousand Oaks, CA, USA},
 keywords = {domain knowledge, information inference, short text, text categorization, unsupervised learning},
} 
                  
@inproceedings{sun11,
 author = {Sun, Xinruo and Wang, Haofen and Yu, Yong},
 title = {Towards Effective Short Text Deep Classification},
 booktitle = {Proceedings of the 34th International ACM SIGIR Conference on Research and Development in Information Retrieval},
 series = {SIGIR '11},
 year = {2011},
 isbn = {978-1-4503-0757-4},
 location = {Beijing, China},
 pages = {1143--1144},
 numpages = {2},
 url = {http://doi.acm.org/10.1145/2009916.2010090},
 doi = {10.1145/2009916.2010090},
 acmid = {2010090},
 publisher = {ACM},
 address = {New York, NY, USA},
 keywords = {classification, large scale hierarchy, short text},
}                   

@inproceedings{sriram10,
 author = {Sriram, Bharath and Fuhry, Dave and Demir, Engin and Ferhatosmanoglu, Hakan and Demirbas, Murat},
 title = {Short Text Classification in Twitter to Improve Information Filtering},
 booktitle = {Proceedings of the 33rd International ACM SIGIR Conference on Research and Development in Information Retrieval},
 series = {SIGIR '10},
 year = {2010},
 isbn = {978-1-4503-0153-4},
 location = {Geneva, Switzerland},
 pages = {841--842},
 numpages = {2},
 url = {http://doi.acm.org/10.1145/1835449.1835643},
 doi = {10.1145/1835449.1835643},
 acmid = {1835643},
 publisher = {ACM},
 address = {New York, NY, USA},
 keywords = {classification, feature selection, short text, twitter},
} 


% Citation for RankSVM
@inproceedings{joachims2006training,
  title={Training linear SVMs in linear time},
  author={Joachims, Thorsten},
  booktitle={Proceedings of the 12th ACM SIGKDD international conference on Knowledge discovery and data mining},
  pages={217--226},
  year={2006},
  organization={ACM}
}

%SDM
@inproceedings{metzler2005markov,
  title={A Markov random field model for term dependencies},
  author={Metzler, Donald and Croft, W Bruce},
  booktitle={SIGIR 2005},
  pages={472--479},
  year={2005},
  organization={ACM}
}

% QL / LM
@inproceedings{ponte1998language,
  title={A language modeling approach to information retrieval},
  author={Ponte, Jay M and Croft, W Bruce},
  booktitle={SIGIR 1998},
  pages={275--281},
  year={1998},
  organization={ACM}
}

@inproceedings{khan2007observing,
  title={Observing knowledge clustering for educational resources using a course ontology},
  author={Khan, Javed I and Hardas, Manas S},
  booktitle={Proceedings of the 4th international conference on Knowledge capture},
  pages={193--194},
  year={2007},
  organization={ACM}
}

@inproceedings{ndcg_jarvelin2000ir,
  title={{IR} evaluation methods for retrieving highly relevant documents},
  author={J{\"a}rvelin, Kalervo and Kek{\"a}l{\"a}inen, Jaana},
  booktitle={SIGIR 2000},
  pages={41--48},
  year={2000},
  organization={ACM}
}

% Recent Active Learning for text classification
@article{hu2011active,
  title={Active learning for text classification},
  author={Hu, Rong},
  journal={Dublin Institute of Technology},
  year={2011}
}

% Active learning in hierarchies
@inproceedings{cheng2012active,
  title={On active learning in hierarchical classification},
  author={Cheng, Yu and Zhang, Kunpeng and Xie, Yusheng and Agrawal, Ankit and Choudhary, Alok},
  booktitle={Proceedings of the 21st ACM international conference on Information and knowledge management},
  pages={2467--2470},
  year={2012},
  organization={ACM}
}


% MAA - Maximum achievable accuracy
@inproceedings{davidov2004parameterized,
  title={Parameterized generation of labeled datasets for text categorization based on a hierarchical directory},
  author={Davidov, Dmitry and Gabrilovich, Evgeniy and Markovitch, Shaul},
  booktitle={Proceedings of the 27th annual international ACM SIGIR conference on Research and development in information retrieval},
  pages={250--257},
  year={2004},
  organization={ACM}
}

% ESA
@inproceedings{gabrilovich2007computing,
  title={Computing Semantic Relatedness Using Wikipedia-based Explicit Semantic Analysis.},
  author={Gabrilovich, Evgeniy and Markovitch, Shaul},
  booktitle={IJCAI},
  volume={7},
  pages={1606--1611},
  year={2007}
}


% Single query binary classification - IEEE, microblog + urls mentioned
@inproceedings{prasetyo2012automatic,
  title={Automatic classification of software related microblogs},
  author={Prasetyo, Philips Kokoh and Lo, David and Achananuparp, Palakorn and Tian, Yuan and Lim, Ee-Peng},
  booktitle={Software Maintenance (ICSM), 2012 28th IEEE International Conference on},
  pages={596--599},
  year={2012},
  organization={IEEE}
}


@book{graham2009effect,
  title={Effect of ontology hierarchy on a concept vector machine's ability to classify web documents},
  author={Graham, Jeffrey A and Adviser-Mukherjee, Sumitra},
  year={2009},
  publisher={Nova Southeastern University}
}


% Cite the hierarchy developement itself.
@article{holme2012acs,
  title={The {ACS} {E}xams {I}nstitute {U}ndergraduate {C}hemistry {A}nchoring {C}oncepts {C}ontent {M}ap {I}: {G}eneral {C}hemistry},
  author={Holme, Thomas and Murphy, Kristen},
  journal={Journal of Chemical Education},
  volume={89},
  number={6},
  pages={721--723},
  year={2012},
  publisher={ACS Publications}
}

% Mapping between AP hierarchy and ACS hierarchy, done by humans.
@article{holme2014comparing,
  title={Comparing recent organizing templates for test content between {ACS} exams in general chemistry and {AP} chemistry},
  author={Holme, Thomas},
  journal={Journal of Chemical Education},
  volume={91},
  number={9},
  pages={1352--1356},
  year={2014},
  publisher={ACS Publications}
}

% Understanding the dataset, complexity, etc.
@article{luxford2014building,
  title={Building a Database for the Historical Analysis of the General Chemistry Curriculum Using {ACS} General Chemistry Exams as Artifacts},
  author={Luxford, Cynthia J and Linenberger, Kimberly J and Raker, Jeffrey R and Baluyut, John Y and Reed, Jessica J and De Silva, Chamila and Holme, Thomas A},
  journal={Journal of Chemical Education},
  year={2014},
  publisher={ACS Publications}
}


@techreport{yu2012product,
  title={Product title classification versus text classification},
  author={Yu, Hsiang-Fu and Ho, Chia-Hua and Arunachalam, Prakash and Somaiya, Manas and Lin, Chih-Jen},
  year={2012},
  url={http://www.csie.ntu.edu.tw/~cjlin/papers/title.pdf}
}

% Building ontologies from some sort of OWL version 2 description.
@article{glimm2012novel,
  title={A novel approach to ontology classification},
  author={Glimm, Birte and Horrocks, Ian and Motik, Boris and Shearer, Rob and Stoilos, Giorgos},
  journal={Web Semantics: Science, Services and Agents on the World Wide Web},
  volume={14},
  pages={84--101},
  year={2012},
  publisher={Elsevier}
}

% Attaching Wikipedia to Twitter
% Sparsity
@inproceedings{meij2012adding,
  title={Adding semantics to microblog posts},
  author={Meij, Edgar and Weerkamp, Wouter and de Rijke, Maarten},
  booktitle={Proceedings of the fifth ACM international conference on Web search and data mining},
  pages={563--572},
  year={2012},
  organization={ACM}
}

@article{song2014dataless,
  title={On Dataless Hierarchical Text Classification},
  author={Song, Yangqiu and Roth, Dan},
  year={2014}
}

@article{de2014taxonomic,
  title={Taxonomic data integration from multilingual Wikipedia editions},
  author={de Melo, Gerard and Weikum, Gerhard},
  journal={Knowledge and information systems},
  volume={39},
  number={1},
  pages={1--39},
  year={2014},
  publisher={Springer}
}

@inproceedings{marath2014large,
  title={Large-scale web page classification},
  author={Marath, Sathi T and Shepherd, Michael and Milios, Evangelos and Duffy, Jack},
  booktitle={System Sciences (HICSS), 2014 47th Hawaii International Conference on},
  pages={1813--1822},
  year={2014},
  organization={IEEE}
}

@inproceedings{pohl2012classifying,
  title={Classifying the Wikipedia articles into the OpenCyc taxonomy},
  author={Pohl, Aleksander},
  booktitle={Proceedings of the Web of Linked Entities Workshop in conjuction with the 11th International Semantic Web Conference},
  year={2012}
}

@inproceedings{biswas2014question,
  title={Question Classification using syntactic and rule based approach},
  author={Biswas, Payal and Sharan, Aditi and Kumar, Rakesh},
  booktitle={International Conference on Advances in Computing, Communications and Informatics (ICACCI, 2014)},
  pages={1033--1038},
  year={2014},
  organization={IEEE}
}

@inproceedings{wang2014concept,
  title={Concept-based Short Text Classification and Ranking},
  author={Wang, Fang and Wang, Zhongyuan and Li, Zhoujun and Wen, Ji-Rong},
  booktitle={Proceedings of the 23rd ACM International Conference on Conference on Information and Knowledge Management},
  pages={1069--1078},
  year={2014},
  organization={ACM}
}

@article{fan2008liblinear,
  title={{LIBLINEAR}: A library for large linear classification},
  author={Fan, Rong-En and Chang, Kai-Wei and Hsieh, Cho-Jui and Wang, Xiang-Rui and Lin, Chih-Jen},
  journal={The Journal of Machine Learning Research},
  volume={9},
  pages={1871--1874},
  year={2008},
  publisher={JMLR.org}
}

@inproceedings{dumais00,
 author = {Dumais, Susan and Chen, Hao},
 title = {Hierarchical Classification of Web Content},
 booktitle = {Proceedings of the 23rd Annual International ACM SIGIR Conference on Research and Development in Information Retrieval},
 series = {SIGIR '00},
 year = {2000},
 isbn = {1-58113-226-3},
 location = {Athens, Greece},
 pages = {256--263},
 numpages = {8},
 url = {http://doi.acm.org/10.1145/345508.345593},
 doi = {10.1145/345508.345593},
 acmid = {345593},
 publisher = {ACM},
 address = {New York, NY, USA},
 keywords = {Web hierarchies, classification, hierarchical models, machine learning, support vector machines, text catergorization, text classification},
}

@inproceedings{bekkerman07,
 title={Interactive Clustering of Text Collections According to a User-Specified Criterion},
 author={R. Bekkerman and H. Raghavan and J. Allan and K. Eguchi},
 booktitle={Proceedings of IJCAI},
 year={2007},
 pages={684-689}
}

@techreport{settles10,
  title={Active Learning Literature Survey},
  author={Burr Settles},
  institution={University of Wisconsin-Madison},
  year={2010},
  month={January},
  note={Computer Sciences Technical Report 1648}
}

@article{omar12,
title = "Automated Analysis of Exam Questions According to Bloom's Taxonomy ",
journal = "Procedia - Social and Behavioral Sciences ",
volume = "59",
number = "0",
pages = "297 - 303",
year = "2012",
issn = "1877-0428",
doi = "http://dx.doi.org/10.1016/j.sbspro.2012.09.278",
url = "http://www.sciencedirect.com/science/article/pii/S1877042812037263",
author = "Nazlia Omar and Syahidah Sufi Haris and Rosilah Hassan and Haslina Arshad and Masura Rahmat and Noor Faridatul Ainun Zainal and Rozli Zulkifli",
keywords = "Bloom's taxonomy",
keywords = "natural language processing",
keywords = "rule-based "
}

@inproceedings{zhang03,
 author = {Zhang, Dell and Lee, Wee Sun},
 title = {Question Classification Using Support Vector Machines},
 booktitle = {Proceedings of the 26th Annual International ACM SIGIR Conference on Research and Development in Informaion Retrieval},
 series = {SIGIR '03},
 year = {2003},
 isbn = {1-58113-646-3},
 location = {Toronto, Canada},
 pages = {26--32},
 numpages = {7},
 url = {http://doi.acm.org/10.1145/860435.860443},
 doi = {10.1145/860435.860443},
 acmid = {860443},
 publisher = {ACM},
 address = {New York, NY, USA},
 keywords = {kernel method, machine learning, question answering, support vector machine, text classification},
}

@article{metzler05,
year={2005},
issn={1386-4564},
journal={Information Retrieval},
volume={8},
number={3},
doi={10.1007/s10791-005-6995-3},
title={Analysis of Statistical Question Classification for Fact-Based Questions},
url={http://dx.doi.org/10.1007/s10791-005-6995-3},
publisher={Kluwer Academic Publishers},
keywords={question classification; question answering; machine learning; Support Vector Machines; syntactic features; semantic features; WordNet},
author={Metzler, Donald and Croft, W.Bruce},
pages={481-504},
language={English}
}

@inproceedings{xue08,
 author = {Xue, Gui-Rong and Xing, Dikan and Yang, Qiang and Yu, Yong},
 title = {Deep Classification in Large-scale Text Hierarchies},
 booktitle = {Proceedings of the 31st Annual International ACM SIGIR Conference on Research and Development in Information Retrieval},
 series = {SIGIR '08},
 year = {2008},
 isbn = {978-1-60558-164-4},
 location = {Singapore, Singapore},
 pages = {619--626},
 numpages = {8},
 url = {http://doi.acm.org/10.1145/1390334.1390440},
 doi = {10.1145/1390334.1390440},
 acmid = {1390440},
 publisher = {ACM},
 address = {New York, NY, USA},
 keywords = {deep classification, hierarchical classification, large scale hierarchy},
}

@inproceedings{liuAndCroft2004,
 author = {Liu, Xiaoyong and Croft, W. Bruce},
 title = {Cluster-based Retrieval Using Language Models},
 booktitle = {Proceedings of the 27th Annual International ACM SIGIR Conference on Research and Development in Information Retrieval},
 series = {SIGIR '04},
 year = {2004},
 isbn = {1-58113-881-4},
 location = {Sheffield, United Kingdom},
 pages = {186--193},
 numpages = {8},
 url = {http://doi.acm.org/10.1145/1008992.1009026},
 doi = {10.1145/1008992.1009026},
 acmid = {1009026},
 publisher = {ACM},
 address = {New York, NY, USA},
 keywords = {cluster model, cluster-based language model, cluster-based retrieval, hierarchical clustering, information retrieval, language model, query-specific clustering, smoothing, static clustering, topic model},
}

@article{petkova2008hierarchical,
  title={Hierarchical language models for expert finding in enterprise corpora},
  author={Petkova, Desislava and Croft, W Bruce},
  journal={International Journal on Artificial Intelligence Tools},
  volume={17},
  number={01},
  pages={5--18},
  year={2008},
  publisher={World Scientific}
}

@article{balog2009language,
  title={A language modeling framework for expert finding},
  author={Balog, Krisztian and Azzopardi, Leif and de Rijke, Maarten},
  journal={Information Processing \& Management},
  volume={45},
  number={1},
  pages={1--19},
  year={2009},
  publisher={Elsevier}
}

@article{lee1993information,
  title={Information retrieval based on conceptual distance in IS-A hierarchies},
  author={Lee, Joon Ho and Kim, Myoung Ho and Lee, Yoon Joon},
  journal={Journal of documentation},
  volume={49},
  number={2},
  pages={188--207},
  year={1993},
  publisher={MCB UP Ltd}
}

@article{ganesan2003,
 author = {Ganesan, Prasanna and Garcia-Molina, Hector and Widom, Jennifer},
 title = {Exploiting Hierarchical Domain Structure to Compute Similarity},
 journal = {ACM Trans. Inf. Syst.},
 issue_date = {January 2003},
 volume = {21},
 number = {1},
 month = jan,
 year = {2003},
 issn = {1046-8188},
 pages = {64--93},
 numpages = {30},
 url = {http://doi.acm.org/10.1145/635484.635487},
 doi = {10.1145/635484.635487},
 acmid = {635487},
 publisher = {ACM},
 address = {New York, NY, USA},
 keywords = {Similarity measures, collaborative filtering, data mining, hierarchy},
} 

@inproceedings{hoi06,
  title={Large-scale text categorization by batch mode active learning},
  author={Hoi, Steven CH and Jin, Rong and Lyu, Michael R},
  booktitle={Proceedings of the 15th international conference on World Wide Web},
  pages={633--642},
  year={2006},
  organization={ACM}
}

@inproceedings{tao2006language,
  title={Language model information retrieval with document expansion},
  author={Tao, Tao and Wang, Xuanhui and Mei, Qiaozhu and Zhai, ChengXiang},
  booktitle={Proceedings of the main conference on Human Language Technology Conference of the North American Chapter of the Association of Computational Linguistics},
  pages={407--414},
  year={2006},
  organization={Association for Computational Linguistics}
}

@inproceedings{singhal1999document,
  title={Document expansion for speech retrieval},
  author={Singhal, Amit and Pereira, Fernando},
  booktitle={Proceedings of the 22nd annual international ACM SIGIR conference on Research and development in information retrieval},
  pages={34--41},
  year={1999},
  organization={ACM}
}

@inproceedings{efron2012improving,
  title={Improving retrieval of short texts through document expansion},
  author={Efron, Miles and Organisciak, Peter and Fenlon, Katrina},
  booktitle={Proceedings of the 35th international ACM SIGIR conference on Research and development in information retrieval},
  pages={911--920},
  year={2012},
  organization={ACM}
}

@inproceedings{klimt2004introducing,
  title={Introducing the Enron Corpus.},
  author={Klimt, Bryan and Yang, Yiming},
  booktitle={CEAS},
  year={2004}
}

